Income (Quarterly),2018-03,2017-12,2017-09,2017-06,2017-03,2016-12,2016-09,2016-06,2016-03,2015-12,2015-09,2015-06,2015-03,2014-12,2014-09,2014-06,2014-03,2013-12,2013-09,2013-06,2013-03,2012-12,2012-09,2012-06,2012-03,2011-12,2011-09,2011-06,2011-03,2010-12,2010-09,2010-06,2010-03,2009-12,2009-09,2009-06,2009-03,2008-12,2008-09,2008-06,2008-03,2007-12,2007-09,2007-06,2007-03,2006-12,2006-09,2006-06,2006-03,2005-12
Operating Revenue,61.14B ,88.29B ,52.58B ,45.41B ,52.90B ,78.35B ,46.85B ,42.36B ,50.56B ,75.87B ,51.50B ,49.60B ,58.01B ,74.60B ,42.12B ,37.43B ,45.65B ,57.59B ,37.47B ,35.32B ,43.60B ,54.51B ,35.97B ,35.02B ,39.19B ,46.33B ,28.27B ,28.57B ,24.67B ,26.74B ,20.34B ,15.70B ,13.50B ,15.68B ,12.21B ,9.734B ,9.084B ,11.88B ,12.91B ,7.464B ,7.512B ,9.608B ,6.789B ,5.41B ,5.264B ,7.115B ,4.837B ,4.37B ,4.359B ,5.749B 
Revenue,61.14B ,88.29B ,52.58B ,45.41B ,52.90B ,78.35B ,46.85B ,42.36B ,50.56B ,75.87B ,51.50B ,49.60B ,58.01B ,74.60B ,42.12B ,37.43B ,45.65B ,57.59B ,37.47B ,35.32B ,43.60B ,54.51B ,35.97B ,35.02B ,39.19B ,46.33B ,28.27B ,28.57B ,24.67B ,26.74B ,20.34B ,15.70B ,13.50B ,15.68B ,12.21B ,9.734B ,9.084B ,11.88B ,12.91B ,7.464B ,7.512B ,9.608B ,6.789B ,5.41B ,5.264B ,7.115B ,4.837B ,4.37B ,4.359B ,5.749B 
Cost of Goods Sold,37.72B ,54.38B ,32.65B ,27.92B ,32.30B ,48.18B ,29.04B ,26.25B ,30.64B ,45.45B ,30.95B ,29.92B ,34.35B ,44.86B ,26.11B ,22.70B ,27.70B ,35.75B ,23.60B ,22.30B ,27.25B ,33.45B ,21.56B ,20.03B ,20.62B ,25.63B ,16.89B ,16.65B ,14.45B ,16.44B ,12.83B ,9.564B ,7.874B ,9.272B ,7.102B ,5.751B ,5.457B ,7.373B ,8.116B ,4.864B ,5.038B ,6.276B ,4.701B ,3.415B ,3.415B ,4.895B ,3.425B ,3.045B ,3.062B ,4.185B 
Gross Profit,23.42B ,33.91B ,19.93B ,17.49B ,20.59B ,30.18B ,17.81B ,16.11B ,19.92B ,30.42B ,20.55B ,19.68B ,23.66B ,29.74B ,16.01B ,14.74B ,17.95B ,21.85B ,13.87B ,13.02B ,16.35B ,21.06B ,14.40B ,14.99B ,18.56B ,20.70B ,11.38B ,11.92B ,10.22B ,10.30B ,7.512B ,6.136B ,5.625B ,6.411B ,5.105B ,3.983B ,3.627B ,4.507B ,4.791B ,2.60B ,2.474B ,3.332B ,2.088B ,1.995B ,1.849B ,2.22B ,1.412B ,1.325B ,1.297B ,1.564B 
SG&A Expense,4.15B ,4.231B ,3.814B ,3.783B ,3.718B ,3.946B ,3.482B ,3.441B ,3.423B ,3.848B ,3.705B ,3.564B ,3.46B ,3.60B ,3.158B ,2.85B ,2.932B ,3.053B ,2.673B ,2.645B ,2.672B ,2.84B ,2.551B ,2.545B ,2.339B ,2.605B ,2.025B ,1.915B ,1.763B ,1.896B ,1.571B ,1.438B ,1.22B ,1.288B ,1.063B ,1.01B ,985.00M ,1.091B ,999.00M ,916.00M ,886.00M ,960.00M ,823.00M ,746.00M ,680.00M ,714.00M ,625.00M ,584.00M ,592.00M ,632.00M 
Research and Development Expense,3.378B ,3.407B ,2.997B ,2.937B ,2.776B ,2.871B ,2.57B ,2.56B ,2.511B ,2.404B ,2.22B ,2.034B ,1.918B ,1.895B ,1.686B ,1.603B ,1.422B ,1.33B ,1.168B ,1.178B ,1.119B ,1.01B ,906.00M ,876.00M ,841.00M ,758.00M ,645.00M ,628.00M ,581.00M ,575.00M ,494.00M ,464.00M ,426.00M ,398.00M ,358.00M ,341.00M ,319.00M ,315.00M ,298.00M ,292.00M ,273.00M ,246.00M ,207.00M ,208.00M ,183.00M ,184.00M ,179.00M ,175.00M ,176.00M ,182.00M 
Operating Interest Expense,792.00M ,734.00M ,666.00M ,602.00M ,530.00M ,525.00M ,450.00M ,409.00M ,321.00M ,276.00M ,238.00M ,201.00M ,163.00M ,131.00M ,115.00M ,100.00M ,85.00M ,84.00M ,83.00M ,53.00M ,0,0,0,0,,,,,,,,,,,,,,,,,,,,,,,,,,
Operating Interest Income,1.505B ,1.452B ,1.368B ,1.327B ,1.282B ,1.224B ,1.036B ,1.036B ,986.00M ,941.00M ,826.00M ,766.00M ,675.00M ,654.00M ,519.00M ,439.00M ,410.00M ,427.00M ,390.00M ,385.00M ,420.00M ,421.00M ,314.00M ,292.00M ,254.00M ,228.00M ,,,,,,,,,,,,,,,,,,,,,,,,
Net Operating Interest Income,713.00M ,718.00M ,702.00M ,725.00M ,752.00M ,699.00M ,586.00M ,627.00M ,665.00M ,665.00M ,588.00M ,565.00M ,512.00M ,523.00M ,404.00M ,339.00M ,325.00M ,343.00M ,307.00M ,332.00M ,420.00M ,421.00M ,314.00M ,292.00M ,254.00M ,228.00M ,,,,,,,,,,,,,,,,,,,,,,,,
Total Operating Expenses,7.528B ,7.638B ,6.811B ,6.72B ,6.494B ,6.817B ,6.052B ,6.001B ,5.934B ,6.252B ,5.925B ,5.598B ,5.378B ,5.495B ,4.844B ,4.453B ,4.354B ,4.383B ,3.841B ,3.823B ,3.791B ,3.85B ,3.457B ,3.421B ,3.18B ,3.363B ,2.67B ,2.543B ,2.344B ,2.471B ,2.065B ,1.902B ,1.646B ,1.686B ,1.421B ,1.351B ,1.304B ,1.406B ,1.297B ,1.208B ,1.159B ,1.206B ,1.03B ,954.00M ,863.00M ,898.00M ,804.00M ,759.00M ,768.00M ,814.00M 
Operating Income,15.89B ,26.27B ,13.12B ,10.77B ,14.10B ,23.36B ,11.76B ,10.10B ,13.99B ,24.17B ,14.62B ,14.08B ,18.28B ,24.25B ,11.16B ,10.28B ,13.59B ,17.46B ,10.03B ,9.201B ,12.56B ,17.21B ,10.94B ,11.57B ,15.38B ,17.34B ,8.71B ,9.379B ,7.874B ,7.827B ,5.447B ,4.234B ,3.979B ,4.725B ,3.684B ,2.632B ,2.323B ,3.101B ,3.494B ,1.392B ,1.315B ,2.126B ,1.058B ,1.041B ,986.00M ,1.322B ,608.00M ,566.00M ,529.00M ,750.00M 
Non-Operating Interest Income,1.505B ,1.452B ,1.368B ,1.327B ,1.282B ,1.224B ,1.036B ,1.036B ,986.00M ,941.00M ,826.00M ,766.00M ,675.00M ,654.00M ,519.00M ,439.00M ,410.00M ,427.00M ,390.00M ,385.00M ,420.00M ,421.00M ,314.00M ,292.00M ,254.00M ,228.00M ,,,,,,,,,,,,,,,,,,,,,,,,
Non-Operating Interest Expense,792.00M ,734.00M ,666.00M ,602.00M ,530.00M ,525.00M ,450.00M ,409.00M ,321.00M ,276.00M ,238.00M ,201.00M ,163.00M ,131.00M ,115.00M ,100.00M ,85.00M ,84.00M ,83.00M ,53.00M ,0,0,0,0,,,,,,,,,,,,,,,,,,,,,,,,,,
Net Non-Operating Interest Income Expense,713.00M ,718.00M ,702.00M ,725.00M ,752.00M ,699.00M ,586.00M ,627.00M ,665.00M ,665.00M ,588.00M ,565.00M ,512.00M ,523.00M ,404.00M ,339.00M ,325.00M ,343.00M ,307.00M ,332.00M ,420.00M ,421.00M ,314.00M ,292.00M ,254.00M ,228.00M ,,,,,,,,,,,,,,,,,,,,,,,,
Other Income and Expenses,-439.00M ,38.00M ,95.00M ,-185.00M ,-165.00M ,122.00M ,-159.00M ,-263.00M ,-510.00M ,-263.00M ,-149.00M ,-175.00M ,-226.00M ,-353.00M ,-97.00M ,-137.00M ,-100.00M ,-97.00M ,-194.00M ,-98.00M ,-73.00M ,41.00M ,-365.00M ,-4.000M ,-106.00M ,-91.00M ,-438.00M ,172.00M ,26.00M ,136.00M ,-297.00M ,58.00M ,50.00M ,33.00M ,-362.00M ,60.00M ,63.00M ,158.00M ,-513.00M ,118.00M ,162.00M ,200.00M ,629.00M ,-13.00M ,-10.00M ,-7.000M ,-7.000M ,-4.000M ,-11.00M ,81.00M 
Net Interest Income,713.00M ,718.00M ,702.00M ,725.00M ,752.00M ,699.00M ,586.00M ,627.00M ,665.00M ,665.00M ,588.00M ,565.00M ,512.00M ,523.00M ,404.00M ,339.00M ,325.00M ,343.00M ,307.00M ,332.00M ,420.00M ,421.00M ,314.00M ,292.00M ,254.00M ,228.00M ,,,,,,,,,,,,,,,,,,,,,,,,
Pre-Tax Income,16.17B ,27.03B ,13.92B ,11.31B ,14.68B ,24.18B ,12.19B ,10.47B ,14.14B ,24.57B ,15.06B ,14.47B ,18.56B ,24.42B ,11.47B ,10.48B ,13.82B ,17.71B ,10.14B ,9.435B ,12.90B ,17.67B ,10.89B ,11.86B ,15.53B ,17.48B ,8.791B ,9.551B ,7.90B ,7.963B ,5.461B ,4.292B ,4.029B ,4.758B ,3.729B ,2.692B ,2.386B ,3.259B ,3.634B ,1.51B ,1.477B ,2.326B ,1.228B ,1.196B ,134.00M ,1.448B ,721.00M ,661.00M ,605.00M ,831.00M 
Provision for Income Taxes,2.346B ,6.965B ,3.203B ,2.591B ,3.655B ,6.289B ,3.174B ,2.673B ,3.626B ,6.212B ,3.938B ,3.796B ,4.995B ,6.392B ,3.005B ,2.736B ,3.595B ,4.637B ,2.631B ,2.535B ,3.358B ,4.594B ,2.67B ,3.037B ,3.91B ,4.413B ,2.168B ,2.243B ,1.913B ,1.959B ,1.153B ,1.039B ,955.00M ,1.38B ,1.197B ,864.00M ,766.00M ,1.004B ,1.213B ,438.00M ,432.00M ,745.00M ,325.00M ,378.00M ,364.00M ,444.00M ,179.00M ,189.00M ,195.00M ,266.00M 
Income from Continuing Operations,13.82B ,20.06B ,10.71B ,8.717B ,11.03B ,17.89B ,9.014B ,7.796B ,10.52B ,18.36B ,11.12B ,10.68B ,13.57B ,18.02B ,8.467B ,7.748B ,10.22B ,13.07B ,7.512B ,6.90B ,9.547B ,13.08B ,8.223B ,8.824B ,11.62B ,13.06B ,6.623B ,7.308B ,5.987B ,6.004B ,4.308B ,3.253B ,3.074B ,3.378B ,2.532B ,1.828B ,1.62B ,2.255B ,2.421B ,1.072B ,1.045B ,1.581B ,903.00M ,818.00M ,770.00M ,1.004B ,542.00M ,472.00M ,410.00M ,565.00M 
Net Income,13.82B ,20.06B ,10.71B ,8.717B ,11.03B ,17.89B ,9.014B ,7.796B ,10.52B ,18.36B ,11.12B ,10.68B ,13.57B ,18.02B ,8.467B ,7.748B ,10.22B ,13.07B ,7.512B ,6.90B ,9.547B ,13.08B ,8.223B ,8.824B ,11.62B ,13.06B ,6.623B ,7.308B ,5.987B ,6.004B ,4.308B ,3.253B ,3.074B ,3.378B ,2.532B ,1.828B ,1.62B ,2.255B ,2.421B ,1.072B ,1.045B ,1.581B ,903.00M ,818.00M ,770.00M ,1.004B ,542.00M ,472.00M ,410.00M ,565.00M 
Normalized Income,13.82B ,20.06B ,10.71B ,8.717B ,11.03B ,17.89B ,9.014B ,7.796B ,10.52B ,18.36B ,11.12B ,10.68B ,13.57B ,18.02B ,8.467B ,7.748B ,10.22B ,13.07B ,7.512B ,6.90B ,9.547B ,13.08B ,8.223B ,8.824B ,11.62B ,13.06B ,6.623B ,7.308B ,5.967B ,6.004B ,4.308B ,3.253B ,3.038B ,3.378B ,2.779B ,1.786B ,1.576B ,2.143B ,2.781B ,989.01M ,931.92M ,1.443B ,463.91M ,827.06M ,777.03M ,1.009B ,546.94M ,474.92M ,417.95M ,506.36M 
EBITDA,19.70B ,30.51B ,17.07B ,14.26B ,17.55B ,27.69B ,15.19B ,13.40B ,16.94B ,27.80B ,18.42B ,17.76B ,21.21B ,27.12B ,13.56B ,12.53B ,15.79B ,19.94B ,12.01B ,11.18B ,14.60B ,19.26B ,11.87B ,12.70B ,16.12B ,18.06B ,9.668B ,9.86B ,8.308B ,8.183B ,5.776B ,4.507B ,4.195B ,4.934B ,3.887B ,2.814B ,2.504B ,3.269B ,3.651B ,1.509B ,1.431B ,2.232B ,1.151B ,1.122B ,1.055B ,1.396B ,674.00M ,623.00M ,579.00M ,802.00M 
Reconciled Depreciation,2.739B ,2.745B ,2.484B ,2.354B ,2.332B ,2.987B ,2.548B ,2.526B ,2.477B ,2.954B ,3.119B ,3.084B ,2.479B ,2.575B ,1.969B ,1.946B ,1.887B ,2.144B ,1.783B ,1.694B ,1.692B ,1.588B ,981.00M ,835.00M ,740.00M ,721.00M ,543.00M ,481.00M ,434.00M ,356.00M ,329.00M ,273.00M ,216.00M ,209.00M ,203.00M ,182.00M ,181.00M ,168.00M ,157.00M ,117.00M ,116.00M ,106.00M ,93.00M ,81.00M ,69.00M ,74.00M ,66.00M ,57.00M ,50.00M ,52.00M 
EBIT,16.96B ,27.76B ,14.58B ,11.91B ,15.21B ,24.70B ,12.64B ,10.88B ,14.46B ,24.85B ,15.30B ,14.67B ,18.73B ,24.55B ,11.59B ,10.58B ,13.90B ,17.79B ,10.23B ,9.488B ,12.90B ,17.67B ,10.89B ,11.86B ,15.38B ,17.34B ,9.125B ,9.379B ,7.874B ,7.827B ,5.447B ,4.234B ,3.979B ,4.725B ,3.684B ,2.632B ,2.323B ,3.101B ,3.494B ,1.392B ,1.315B ,2.126B ,1.058B ,1.041B ,986.00M ,1.322B ,608.00M ,566.00M ,529.00M ,750.00M 
EPS Basic from Continuing Operations,2.75,3.92,2.09,1.68,2.11,3.38,1.69,1.43,1.91,3.3,1.98,1.86,2.34,3.08,1.43,1.29,1.67,2.08,1.2,1.07,1.451,1.99,1.253,1.346,1.779,2.004,1.02,1.127,0.9271,0.9329,0.6743,0.51,0.4843,0.5343,0.4029,0.2929,0.26,0.3629,0.3914,0.1729,0.17,0.2586,0.1471,0.1343,0.1271,0.1671,0.0914,0.0786,0.07,0.0971
Normalized Basic EPS,2.75,3.92,2.09,1.68,2.11,3.38,1.69,1.43,1.91,3.3,1.98,1.86,2.34,3.08,1.43,1.29,1.67,2.08,1.2,1.07,1.451,1.99,1.253,1.346,1.779,2.004,1.02,1.127,0.9241,0.9329,0.6743,0.51,0.4787,0.5343,0.4422,0.2861,0.2529,0.3449,0.4493,0.1594,0.1516,0.236,0.0751,0.1358,0.1283,0.168,0.0923,0.0791,0.0713,0.0871
EPS Basic,2.75,3.92,2.09,1.68,2.11,3.38,1.69,1.43,1.91,3.3,1.98,1.86,2.34,3.08,1.43,1.29,1.67,2.08,1.2,1.07,1.451,1.99,1.253,1.346,1.779,2.004,1.02,1.127,0.9271,0.9329,0.6743,0.51,0.4843,0.5343,0.4029,0.2929,0.26,0.3629,0.3914,0.1729,0.17,0.2586,0.1471,0.1343,0.1271,0.1671,0.0914,0.0786,0.07,0.0971
EPS Diluted from Continuing Operations,2.73,3.89,2.07,1.67,2.1,3.36,1.69,1.42,1.9,3.28,1.97,1.85,2.33,3.06,1.42,1.28,1.66,2.07,1.19,1.07,1.441,1.973,1.241,1.331,1.757,1.981,1.007,1.113,0.9143,0.9186,0.6629,0.5014,0.4757,0.5243,0.3971,0.2871,0.2557,0.3571,0.3829,0.17,0.1657,0.2514,0.1443,0.1314,0.1243,0.1629,0.0886,0.0771,0.0671,0.0929
Normalized Diluted EPS,2.73,3.89,2.07,1.67,2.1,3.36,1.69,1.42,1.9,3.28,1.97,1.85,2.33,3.06,1.42,1.28,1.66,2.07,1.19,1.07,1.441,1.973,1.241,1.331,1.757,1.981,1.007,1.113,0.9113,0.9186,0.6629,0.5014,0.4702,0.5243,0.4357,0.2805,0.2487,0.3394,0.4396,0.1569,0.1478,0.2295,0.0743,0.1329,0.1254,0.1637,0.0894,0.0776,0.0684,0.0833
EPS Diluted,2.73,3.89,2.07,1.67,2.1,3.36,1.69,1.42,1.9,3.28,1.97,1.85,2.33,3.06,1.42,1.28,1.66,2.07,1.19,1.07,1.441,1.973,1.241,1.331,1.757,1.981,1.007,1.113,0.9143,0.9186,0.6629,0.5014,0.4757,0.5243,0.3971,0.2871,0.2557,0.3571,0.3829,0.17,0.1657,0.2514,0.1443,0.1314,0.1243,0.1629,0.0886,0.0771,0.0671,0.0929
Average Basic Shares Outstanding,5.025B ,5.113B ,5.149B ,5.195B ,5.226B ,5.299B ,5.367B ,5.443B ,5.514B ,5.559B ,5.647B ,5.730B ,5.794B ,5.843B ,5.934B ,6.013B ,6.123B ,6.273B ,6.329B ,6.430B ,6.577B ,6.572B ,6.568B ,6.556B ,6.535B ,6.517B ,6.498B ,6.483B ,6.462B ,6.435B ,6.402B ,6.385B ,6.353B ,6.325B ,6.286B ,6.256B ,6.238B ,6.224B ,6.210B ,6.186B ,6.157B ,6.131B ,6.096B ,6.068B ,6.041B ,6.004B ,5.978B ,5.960B ,5.886B ,5.815B 
Average Diluted Shares Outstanding,5.068B ,5.158B ,5.184B ,5.233B ,5.262B ,5.328B ,5.393B ,5.473B ,5.541B ,5.594B ,5.683B ,5.773B ,5.835B ,5.882B ,5.972B ,6.052B ,6.157B ,6.310B ,6.364B ,6.470B ,6.622B ,6.631B ,6.637B ,6.629B ,6.614B ,6.591B ,6.577B ,6.565B ,6.552B ,6.532B ,6.502B ,6.492B ,6.460B ,6.438B ,6.401B ,6.364B ,6.321B ,6.310B ,6.338B ,6.322B ,6.295B ,6.300B ,6.271B ,6.235B ,6.207B ,6.183B ,6.154B ,6.135B ,6.150B ,6.119B 
Dividend Per Share,0.63,0.63,0.63,0.63,0.57,0.57,0.57,0.57,0.52,0.52,0.52,0.52,0.47,0.47,0.47,0.47,0.4357,0.4357,0.4357,0.4357,0.3786,0.3786,0.3786,0,0,0,0,0,0,0,0,0,0,0,0,0,0,0,0,0,0,0,0,0,0,0,0,0,0,0
Cash,,9.529B ,7.982B ,8.529B ,7.60B ,9.359B ,8.601B ,9.118B ,10.20B ,11.15B ,11.39B ,10.45B ,9.879B ,13.76B ,10.23B ,8.317B ,10.95B ,8.404B ,8.705B ,6.196B ,5.865B ,7.08B ,3.109B ,,,,2.903B ,,,,,,,,,,,,,,,,,,,,,,,
Cash and Equivalents,45.06B ,27.49B ,20.29B ,18.57B ,15.16B ,16.37B ,20.48B ,18.24B ,21.51B ,16.69B ,21.12B ,15.32B ,14.49B ,19.48B ,13.84B ,12.98B ,18.95B ,14.08B ,14.26B ,11.25B ,12.05B ,16.15B ,10.75B ,7.945B ,10.12B ,10.31B ,9.815B ,12.09B ,15.98B ,10.73B ,11.26B ,9.705B ,10.02B ,7.609B ,5.263B ,5.605B ,4.466B ,7.236B ,11.88B ,9.373B ,9.07B ,9.162B ,9.352B ,7.118B ,7.095B ,7.159B ,6.392B ,8.013B ,6.346B ,4.15B 
Short Term Investments,42.88B ,49.66B ,53.89B ,58.19B ,51.94B ,44.08B ,46.67B ,43.52B ,33.77B ,21.38B ,20.48B ,19.38B ,18.61B ,12.98B ,11.23B ,24.83B ,22.40B ,26.63B ,26.29B ,31.36B ,27.08B ,23.67B ,18.38B ,19.71B ,18.42B ,19.85B ,16.14B ,16.30B ,13.26B ,16.24B ,14.36B ,14.58B ,13.14B ,17.19B ,18.20B ,18.62B ,20.55B ,18.41B ,10.24B ,11.40B ,10.38B ,9.286B ,6.034B ,6.649B ,5.482B ,4.71B ,3.718B ,1.163B ,1.88B ,4.557B 
Cash and Short Term Investments,87.94B ,77.15B ,74.18B ,76.76B ,67.10B ,60.45B ,67.16B ,61.76B ,55.28B ,38.07B ,41.60B ,34.70B ,33.10B ,32.46B ,25.08B ,37.80B ,41.35B ,40.71B ,40.55B ,42.61B ,39.14B ,39.82B ,29.13B ,27.65B ,28.54B ,30.16B ,25.95B ,28.40B ,29.23B ,26.98B ,25.62B ,24.29B ,23.16B ,24.80B ,23.46B ,24.22B ,25.01B ,25.65B ,22.11B ,20.77B ,19.45B ,18.45B ,15.39B ,13.77B ,12.58B ,11.87B ,10.11B ,9.176B ,8.226B ,8.707B 
Accounts Receivable,14.32B ,23.44B ,17.87B ,12.40B ,11.58B ,14.06B ,15.75B ,11.71B ,12.23B ,12.95B ,16.85B ,10.37B ,10.90B ,16.71B ,17.46B ,10.79B ,9.70B ,14.20B ,13.10B ,8.839B ,7.084B ,11.60B ,10.93B ,7.657B ,7.042B ,8.93B ,5.369B ,6.102B ,5.798B ,6.027B ,5.51B ,3.447B ,2.886B ,3.09B ,3.361B ,2.686B ,1.932B ,2.196B ,2.422B ,1.603B ,1.593B ,1.939B ,1.637B ,1.41B ,928.00M ,1.621B ,1.252B ,1.089B ,861.00M ,1.331B 
Other Receivables,8.084B ,27.46B ,17.80B ,10.23B ,9.033B ,13.92B ,13.54B ,7.328B ,7.595B ,11.67B ,13.49B ,9.537B ,7.259B ,13.27B ,9.759B ,6.053B ,6.12B ,11.00B ,7.539B ,4.614B ,6.252B ,9.936B ,7.762B ,6.641B ,6.727B ,7.554B ,6.348B ,5.369B ,5.297B ,4.847B ,4.414B ,2.952B ,1.743B ,1.791B ,1.696B ,1.494B ,1.104B ,1.271B ,2.282B ,,2.027B ,2.483B ,2.392B ,,739.00M ,1.492B ,,,,
Total Receivables,22.41B ,50.90B ,35.67B ,22.63B ,20.61B ,27.98B ,29.30B ,19.04B ,19.82B ,24.62B ,30.34B ,19.91B ,18.16B ,29.98B ,27.22B ,16.84B ,15.82B ,25.20B ,20.64B ,13.45B ,13.34B ,21.53B ,18.69B ,14.30B ,13.77B ,16.48B ,11.72B ,11.47B ,11.10B ,10.87B ,9.924B ,6.399B ,4.629B ,4.881B ,5.057B ,4.18B ,3.036B ,3.413B ,4.704B ,1.603B ,3.62B ,4.422B ,4.029B ,1.41B ,1.667B ,3.113B ,1.252B ,1.089B ,861.00M ,1.331B 
Raw Materials Inventory,5.186B ,,,,,,,,,,,474.00M ,537.00M ,228.00M ,,315.00M ,444.00M ,523.00M ,683.00M ,,,,124.00M ,,,,,,,,,,,,,,,,,,,,,,,,,,,
Finished Goods Inventory,2.476B ,,,,,,,,,,,1.568B ,1.859B ,2.055B ,,1.279B ,1.385B ,1.599B ,1.081B ,,,,667.00M ,,,,,,,,,,,,,,,,,,,,,,,,,,,
Inventories,7.662B ,4.421B ,4.855B ,3.146B ,2.91B ,2.712B ,2.132B ,1.831B ,2.281B ,2.451B ,2.349B ,2.042B ,2.396B ,2.283B ,2.111B ,1.594B ,1.829B ,2.122B ,1.764B ,1.697B ,1.245B ,1.455B ,791.00M ,1.122B ,1.102B ,1.236B ,776.00M ,889.00M ,930.00M ,885.00M ,1.051B ,942.00M ,638.00M ,576.00M ,455.00M ,380.00M ,312.00M ,396.00M ,509.00M ,545.00M ,364.00M ,459.00M ,346.00M ,251.00M ,208.00M ,303.00M ,270.00M ,213.00M ,204.00M ,244.00M 
Prepaid Expenses,,,,,,,,,,,,,,,,,,,,,,,,,,,,,,,,,190.00M ,232.00M ,,259.00M ,306.00M ,345.00M ,475.00M ,543.00M ,549.00M ,417.00M ,417.00M ,441.00M ,475.00M ,250.00M ,,,,
Current Deferred Tax Assets,,,,,,,,,,,,5.01B ,5.141B ,5.046B ,4.318B ,3.884B ,4.014B ,3.742B ,3.453B ,3.193B ,3.242B ,2.895B ,2.583B ,2.309B ,2.253B ,1.937B ,2.014B ,1.892B ,1.683B ,1.724B ,1.636B ,1.216B ,1.142B ,1.18B ,1.135B ,1.731B ,1.539B ,1.613B ,1.044B ,1.131B ,1.06B ,993.00M ,782.00M ,687.00M ,640.00M ,648.00M ,607.00M ,491.00M ,459.00M ,471.00M 
Other Current Assets,12.04B ,11.34B ,13.94B ,10.34B ,11.37B ,12.19B ,8.283B ,11.13B ,10.20B ,11.07B ,15.08B ,9.291B ,9.094B ,13.64B ,9.806B ,7.825B ,7.528B ,8.574B ,6.882B ,7.27B ,6.377B ,6.644B ,6.458B ,6.56B ,5.05B ,4.958B ,4.529B ,4.251B ,4.055B ,3.467B ,3.447B ,3.188B ,2.582B ,1.667B ,1.444B ,1.267B ,946.00M ,1.336B ,1.163B ,3.402B ,1.695B ,1.45B ,996.00M ,2.189B ,462.00M ,481.00M ,2.27B ,1.522B ,1.536B ,1.409B 
Total Current Assets,130.05B ,143.81B ,128.64B ,112.88B ,101.99B ,103.33B ,106.87B ,93.76B ,87.59B ,76.22B ,89.38B ,70.95B ,67.89B ,83.40B ,68.53B ,67.95B ,70.54B ,80.35B ,73.29B ,68.22B ,63.34B ,72.35B ,57.65B ,51.94B ,50.71B ,54.77B ,44.99B ,46.90B ,47.00B ,43.93B ,41.68B ,36.03B ,32.34B ,33.33B ,31.56B ,35.17B ,33.85B ,35.16B ,30.01B ,28.00B ,26.74B ,26.19B ,21.96B ,18.74B ,16.03B ,16.66B ,14.51B ,12.49B ,11.29B ,12.16B 
Land and Improvements,14.93B ,14.19B ,13.59B ,12.53B ,11.75B ,10.93B ,10.18B ,9.108B ,8.391B ,7.729B ,6.956B ,6.071B ,5.627B ,5.152B ,4.863B ,4.448B ,4.029B ,3.625B ,3.309B ,3.055B ,2.818B ,2.627B ,2.439B ,2.315B ,2.156B ,2.09B ,2.059B ,2.028B ,1.995B ,1.968B ,1.471B ,1.302B ,1.17B ,1.041B ,955.00M ,911.00M ,899.00M ,888.00M ,810.00M ,807.00M ,796.00M ,774.00M ,762.00M ,727.00M ,685.00M ,674.00M ,626.00M ,611.00M ,485.00M ,361.00M 
Buildings and Improvements,,,,,,,,,,,,,,,,,,,,,,,,,,,,,,,,,1.798B ,1.739B ,,1.507B ,1.388B ,1.359B ,,1.218B ,1.118B ,1.044B ,1.019B ,907.00M ,843.00M ,799.00M ,760.00M ,722.00M ,634.00M ,602.00M 
"Machine, Furniture & Equipment",57.78B ,55.48B ,54.21B ,49.49B ,46.69B ,45.31B ,44.54B ,42.55B ,39.72B ,38.04B ,37.04B ,34.50B ,32.11B ,31.01B ,29.64B ,25.60B ,22.15B ,21.54B ,21.24B ,20.02B ,17.74B ,16.99B ,15.98B ,10.80B ,8.855B ,7.508B ,7.11B ,5.961B ,5.234B ,4.606B ,3.733B ,3.031B ,2.587B ,2.206B ,2.047B ,1.804B ,1.81B ,1.75B ,1.613B ,1.372B ,1.199B ,1.113B ,1.06B ,928.00M ,776.00M ,727.00M ,689.00M ,621.00M ,612.00M ,584.00M 
Other Properties,,,,,,,,,,,,,,,,,,,,,,,,,,,,,,,,,,,,,,,,,,,,,,,,,,
Leases,7.787B ,7.442B ,7.279B ,6.961B ,6.69B ,6.518B ,6.517B ,6.333B ,5.937B ,5.574B ,5.263B ,4.978B ,4.726B ,4.585B ,4.513B ,4.41B ,4.23B ,4.126B ,3.968B ,3.81B ,3.639B ,3.593B ,3.464B ,3.086B ,2.93B ,2.742B ,2.599B ,2.359B ,2.187B ,2.061B ,2.03B ,1.895B ,,,1.665B ,,,,1.324B ,,,,,,,,,,,
Gross PP&E,80.50B ,77.11B ,75.08B ,68.98B ,65.12B ,62.76B ,61.24B ,57.99B ,54.05B ,51.34B ,49.26B ,45.54B ,42.46B ,40.75B ,39.02B ,34.45B ,30.41B ,29.29B ,28.52B ,26.89B ,24.19B ,23.21B ,21.89B ,16.20B ,13.94B ,12.34B ,11.77B ,10.35B ,9.416B ,8.635B ,7.234B ,6.228B ,5.555B ,4.986B ,4.667B ,4.222B ,4.097B ,3.997B ,3.747B ,3.397B ,3.113B ,2.931B ,2.841B ,2.562B ,2.304B ,2.20B ,2.075B ,1.954B ,1.731B ,1.547B 
Accumulated D&A,-45.42B ,-43.43B ,-41.29B ,-39.70B ,-37.96B ,-36.25B ,-34.24B ,-32.54B ,-30.85B ,-29.04B ,-26.79B ,-24.40B ,-22.31B ,-20.36B ,-18.39B ,-16.87B ,-15.29B ,-13.80B ,-11.92B ,-10.56B ,-9.168B ,-7.792B ,-6.435B ,-5.718B ,-5.094B ,-4.524B ,-3.991B ,-3.599B ,-3.175B ,-2.767B ,-2.466B ,-2.238B ,-2.051B ,-1.871B ,-1.713B ,-1.569B ,-1.551B ,-1.417B ,-1.292B ,-1.22B ,-1.151B ,-1.061B ,-1.009B ,-936.00M ,-895.00M ,-838.00M ,-794.00M ,-757.00M ,-726.00M ,-692.00M 
Net PP&E,35.08B ,33.68B ,33.78B ,29.29B ,27.16B ,26.51B ,27.01B ,25.45B ,23.20B ,22.30B ,22.47B ,21.15B ,20.15B ,20.39B ,20.62B ,17.58B ,15.12B ,15.49B ,16.60B ,16.33B ,15.03B ,15.42B ,15.45B ,10.49B ,8.847B ,7.816B ,7.777B ,6.749B ,6.241B ,5.868B ,4.768B ,3.99B ,3.504B ,3.115B ,2.954B ,2.653B ,2.546B ,2.58B ,2.455B ,2.177B ,1.962B ,1.87B ,1.832B ,1.626B ,1.409B ,1.362B ,1.281B ,1.197B ,1.005B ,855.00M 
Goodwill,,5.889B ,5.717B ,5.661B ,5.473B ,5.423B ,5.414B ,5.261B ,5.249B ,5.202B ,5.116B ,5.044B ,4.711B ,4.629B ,4.616B ,2.374B ,2.055B ,2.022B ,1.577B ,1.522B ,1.40B ,1.381B ,1.135B ,1.132B ,1.141B ,896.00M ,896.00M ,741.00M ,741.00M ,741.00M ,741.00M ,714.00M ,480.00M ,253.00M ,206.00M ,207.00M ,207.00M ,207.00M ,207.00M ,38.00M ,38.00M ,38.00M ,38.00M ,38.00M ,38.00M ,38.00M ,38.00M ,38.00M ,69.00M ,
Other Intangible Assets,,2.149B ,2.298B ,2.444B ,2.617B ,2.848B ,3.206B ,3.506B ,3.843B ,3.924B ,3.893B ,3.779B ,4.061B ,4.37B ,4.142B ,3.767B ,3.928B ,4.105B ,4.179B ,4.353B ,4.136B ,4.462B ,4.224B ,4.329B ,3.604B ,3.472B ,3.536B ,1.169B ,507.00M ,522.00M ,342.00M ,318.00M ,343.00M ,334.00M ,247.00M ,370.00M ,366.00M ,359.00M ,352.00M ,291.00M ,369.00M ,388.00M ,382.00M ,301.00M ,281.00M ,164.00M ,160.00M ,62.00M ,70.00M ,93.00M 
Goodwill and Intangibles,,8.038B ,8.015B ,8.105B ,8.09B ,8.271B ,8.62B ,8.767B ,9.092B ,9.126B ,9.009B ,8.823B ,8.772B ,8.999B ,8.758B ,6.141B ,5.983B ,6.127B ,5.756B ,5.875B ,5.536B ,5.843B ,5.359B ,5.461B ,4.745B ,4.368B ,4.432B ,1.91B ,1.248B ,1.263B ,1.083B ,1.032B ,823.00M ,587.00M ,453.00M ,577.00M ,573.00M ,566.00M ,559.00M ,329.00M ,407.00M ,426.00M ,420.00M ,339.00M ,319.00M ,202.00M ,198.00M ,100.00M ,139.00M ,93.00M 
Long Term Investments,179.29B ,207.94B ,194.71B ,184.76B ,189.74B ,185.64B ,170.43B ,169.76B ,177.64B ,177.66B ,164.06B ,168.14B ,160.44B ,145.49B ,130.16B ,126.68B ,109.24B ,118.13B ,106.22B ,104.01B ,105.55B ,97.29B ,92.12B ,89.57B ,81.64B ,67.44B ,55.62B ,47.76B ,36.53B ,32.73B ,25.39B ,21.55B ,18.55B ,15.02B ,10.53B ,6.899B ,3.865B ,2.498B ,2.379B ,,,,,,,,,,,
Long Term Deferred Assets,,,,,,,,,,,,,,,,,,,,,,,,,,,,,,,,,129.00M ,130.00M ,,1.466B ,1.371B ,1.337B ,104.00M ,71.00M ,62.00M ,190.00M ,88.00M ,29.00M ,27.00M ,48.00M ,,58.00M ,134.00M ,
Other Long Term Assets,23.09B ,13.32B ,10.16B ,10.15B ,7.549B ,7.39B ,8.757B ,7.862B ,7.745B ,7.974B ,5.422B ,4.081B ,3.937B ,3.608B ,3.764B ,4.16B ,5.106B ,5.091B ,5.146B ,5.421B ,5.294B ,5.183B ,5.478B ,5.438B ,4.992B ,4.281B ,3.556B ,3.44B ,3.885B ,2.954B ,2.263B ,2.119B ,935.00M ,926.00M ,2.011B ,875.00M ,527.00M ,560.00M ,460.00M ,1.134B ,1.304B ,1.364B ,1.051B ,908.00M ,927.00M ,1.185B ,1.217B ,1.268B ,1.347B ,1.071B 
Total Long Term Assets,237.45B ,262.98B ,246.67B ,232.30B ,232.54B ,227.81B ,214.82B ,211.84B ,217.68B ,217.06B ,200.97B ,202.20B ,193.30B ,178.49B ,163.31B ,154.57B ,135.45B ,144.84B ,133.71B ,131.64B ,131.41B ,123.74B ,118.41B ,110.95B ,100.22B ,83.91B ,71.38B ,59.86B ,47.91B ,42.82B ,33.50B ,28.69B ,24.72B ,20.59B ,15.95B ,12.97B ,9.384B ,7.624B ,6.165B ,3.711B ,3.735B ,3.85B ,3.391B ,2.902B ,2.682B ,2.797B ,2.696B ,2.623B ,2.625B ,2.019B 
Total Assets,367.50B ,406.79B ,375.32B ,345.17B ,334.53B ,331.14B ,321.69B ,305.60B ,305.28B ,293.28B ,290.34B ,273.15B ,261.19B ,261.89B ,231.84B ,222.52B ,205.99B ,225.18B ,207.00B ,199.86B ,194.74B ,196.09B ,176.06B ,162.90B ,150.93B ,138.68B ,116.37B ,106.76B ,94.90B ,86.74B ,75.18B ,64.72B ,57.06B ,53.93B ,47.50B ,48.14B ,43.24B ,42.79B ,36.17B ,31.71B ,30.47B ,30.04B ,25.35B ,21.65B ,18.71B ,19.46B ,17.20B ,15.11B ,13.91B ,14.18B 
Accounts Payable,34.31B ,62.98B ,49.05B ,31.92B ,28.57B ,38.51B ,37.29B ,26.32B ,25.10B ,33.31B ,35.49B ,26.47B ,23.16B ,38.00B ,30.20B ,20.54B ,18.91B ,29.59B ,22.37B ,15.52B ,14.91B ,26.40B ,21.18B ,16.81B ,17.01B ,18.22B ,14.63B ,15.27B ,13.71B ,14.30B ,12.02B ,8.469B ,5.666B ,6.511B ,5.601B ,4.854B ,3.976B ,4.715B ,5.52B ,3.683B ,4.154B ,5.366B ,4.97B ,3.66B ,2.403B ,3.885B ,3.39B ,2.513B ,2.108B ,2.896B 
Current Tax Payable,,,,,,,,,,,,1.566B ,2.017B ,1.642B ,,1.437B ,2.16B ,2.083B ,1.20B ,1.29B ,1.61B ,1.993B ,1.535B ,1.598B ,1.299B ,2.52B ,1.14B ,1.13B ,931.00M ,152.00M ,658.00M ,56.00M ,255.00M ,258.00M ,430.00M ,,,,506.00M ,,,,,,,,,,,
Total Payables,34.31B ,62.98B ,49.05B ,31.92B ,28.57B ,38.51B ,37.29B ,26.32B ,25.10B ,33.31B ,35.49B ,28.04B ,25.18B ,39.64B ,30.20B ,21.97B ,21.07B ,31.67B ,23.57B ,16.81B ,16.52B ,28.39B ,22.71B ,18.41B ,18.31B ,20.74B ,15.77B ,16.40B ,14.64B ,14.45B ,12.67B ,8.525B ,5.921B ,6.769B ,6.031B ,4.854B ,3.976B ,4.715B ,6.026B ,3.683B ,4.154B ,5.366B ,4.97B ,3.66B ,2.403B ,3.885B ,3.39B ,2.513B ,2.108B ,2.896B 
Accrued Expenses,26.76B ,26.28B ,25.74B ,23.30B ,23.10B ,23.74B ,22.03B ,20.82B ,23.21B ,24.03B ,25.18B ,6.788B ,6.527B ,7.155B ,18.45B ,5.928B ,5.771B ,5.123B ,4.258B ,3.869B ,3.783B ,3.125B ,2.548B ,2.146B ,6.182B ,6.872B ,1.838B ,5.921B ,6.091B ,4.54B ,4.629B ,4.396B ,3.766B ,3.738B ,2.84B ,3.338B ,2.661B ,3.707B ,1.000B ,5.535B ,917.00M ,839.00M ,1.26B ,2.666B ,1.533B ,1.163B ,1.191B ,665.00M ,648.00M ,2.164B 
Payables and Accrued Expenses,61.07B ,89.27B ,74.79B ,55.22B ,51.67B ,62.25B ,59.32B ,47.14B ,48.31B ,57.34B ,60.67B ,34.83B ,31.70B ,46.80B ,48.65B ,27.90B ,26.84B ,36.79B ,27.82B ,20.68B ,20.30B ,31.52B ,25.26B ,20.55B ,24.49B ,27.61B ,17.61B ,22.32B ,20.74B ,18.99B ,17.30B ,12.92B ,9.687B ,10.51B ,8.871B ,8.192B ,6.637B ,8.422B ,7.026B ,9.218B ,5.071B ,6.205B ,6.23B ,6.326B ,3.936B ,5.048B ,4.581B ,3.178B ,2.756B ,5.06B 
Commercial Paper Liability,11.98B ,11.98B ,11.98B ,11.98B ,9.992B ,10.49B ,8.105B ,12.50B ,7.998B ,7.259B ,8.499B ,4.499B ,3.799B ,3.899B ,6.308B ,2.01B ,,,0,,,,,,,,,,,,,,,,,,,,,,,,,,,,,,,
Other Current Borrowings,8.498B ,6.498B ,6.496B ,6.495B ,3.999B ,3.499B ,3.50B ,3.50B ,2.50B ,2.50B ,2.50B ,2.50B ,,,,,,,,,,,,,,,,,,,,,,,,,,,,,,,,,,,,,,
Current Portion of Long Term Debt,20.48B ,18.48B ,18.47B ,18.48B ,13.99B ,13.99B ,11.60B ,16.00B ,10.50B ,9.759B ,11.00B ,6.999B ,3.799B ,3.899B ,6.308B ,2.01B ,,,0,,,,,,,,,,,,,,,,,,,,,,,,,,,,,,,
Current Debt & Capital Lease Obligation,20.48B ,18.48B ,18.47B ,18.48B ,13.99B ,13.99B ,11.60B ,16.00B ,10.50B ,9.759B ,11.00B ,6.999B ,3.799B ,3.899B ,6.308B ,2.01B ,,,0,,,,,,,,,,,,,,,,,,,,,,,,,,,,,,,
Current Deferred Revenue,7.775B ,8.044B ,7.548B ,7.608B ,7.682B ,7.889B ,8.08B ,8.352B ,9.461B ,8.989B ,8.94B ,9.088B ,8.944B ,8.987B ,8.491B ,8.396B ,8.31B ,8.357B ,7.435B ,7.333B ,7.265B ,7.274B ,5.953B ,5.822B ,6.993B ,4.886B ,4.091B ,3.992B ,3.591B ,3.541B ,2.984B ,2.691B ,2.542B ,2.59B ,2.053B ,8.469B ,7.014B ,6.235B ,1.617B ,,3.242B ,2.852B ,1.41B ,,922.00M ,924.00M ,746.00M ,709.00M ,634.00M ,
Current Deferred Liabilities,7.775B ,8.044B ,7.548B ,7.608B ,7.682B ,7.889B ,8.08B ,8.352B ,9.461B ,8.989B ,8.94B ,10.46B ,10.07B ,10.12B ,8.491B ,9.286B ,9.455B ,9.832B ,8.697B ,8.588B ,8.709B ,8.867B ,7.445B ,7.101B ,6.993B ,6.431B ,6.129B ,3.992B ,3.591B ,4.347B ,2.984B ,2.691B ,2.542B ,2.59B ,2.278B ,8.469B ,7.114B ,6.335B ,2.298B ,,3.242B ,2.852B ,1.41B ,,922.00M ,924.00M ,746.00M ,709.00M ,634.00M ,
Other Current Liability,,,,,,,,,,,,11.45B ,11.90B ,11.48B ,,5.775B ,5.928B ,6.141B ,6.177B ,6.05B ,5.702B ,5.746B ,5.104B ,4.642B ,,,3.641B ,,,,,,,,,,,,1.717B ,,1.321B ,1.478B ,1.659B ,666.00M ,627.00M ,1.365B ,1.144B ,1.136B ,1.066B ,
Total Current Liabilities,89.32B ,115.79B ,100.81B ,81.30B ,73.34B ,84.13B ,79.01B ,71.49B ,68.26B ,76.09B ,80.61B ,65.28B ,58.73B ,73.61B ,63.45B ,46.20B ,43.21B ,53.77B ,43.66B ,36.32B ,35.51B ,46.88B ,38.54B ,33.06B ,32.04B ,34.61B ,27.97B ,26.86B ,24.33B ,23.80B ,20.72B ,15.61B ,12.23B ,13.10B ,11.51B ,16.66B ,13.75B ,14.76B ,11.36B ,9.218B ,9.634B ,10.54B ,9.299B ,6.992B ,5.485B ,7.337B ,6.471B ,5.023B ,4.456B ,5.06B 
Non-Current Portion of Long Term Debt,101.36B ,103.92B ,97.21B ,89.86B ,84.53B ,73.56B ,75.43B ,68.94B ,69.37B ,53.20B ,53.33B ,47.42B ,40.07B ,32.50B ,28.99B ,29.03B ,16.96B ,16.96B ,16.96B ,16.96B ,,,,,,,,,,,,,,,,,,,,,,,,,,,,,,
Non-Current Portion of LTD and Capital Lease Obligation,101.36B ,103.92B ,97.21B ,89.86B ,84.53B ,73.56B ,75.43B ,68.94B ,69.37B ,53.20B ,53.33B ,47.42B ,40.07B ,32.50B ,28.99B ,29.03B ,16.96B ,16.96B ,16.96B ,16.96B ,,,,,,,,,,,,,,,,,,,,,,,,,,,,,,
Long Term Deferred Tax Liabilities,548.00M ,548.00M ,31.50B ,30.19B ,28.23B ,26.95B ,26.02B ,24.56B ,22.96B ,21.62B ,24.06B ,24.54B ,23.82B ,23.37B ,20.26B ,20.16B ,19.47B ,18.31B ,16.49B ,16.07B ,16.48B ,15.65B ,13.85B ,,,,8.159B ,,,,,3.828B ,3.241B ,2.769B ,,970.00M ,863.00M ,865.00M ,999.00M ,0.0008M ,675.00M ,780.00M ,619.00M ,673.00M ,535.00M ,504.00M ,381.00M ,423.00M ,460.00M ,741.00M 
Non-Current Deferred Revenue,3.087B ,3.131B ,2.836B ,2.984B ,3.107B ,3.163B ,2.93B ,3.064B ,3.322B ,3.546B ,3.624B ,3.474B ,3.571B ,3.48B ,3.031B ,3.058B ,3.164B ,3.071B ,2.625B ,2.672B ,2.877B ,2.938B ,2.648B ,2.53B ,2.446B ,2.187B ,1.686B ,1.407B ,1.23B ,1.216B ,1.139B ,1.021B ,941.00M ,922.00M ,853.00M ,3.667B ,3.46B ,3.44B ,768.00M ,0.0013M ,,,,,,,,,,
Non-Current Deferred Liabilities,3.635B ,3.679B ,34.34B ,33.18B ,31.33B ,30.11B ,28.95B ,27.62B ,26.28B ,25.16B ,27.69B ,28.01B ,27.40B ,26.85B ,23.29B ,23.22B ,22.64B ,21.38B ,19.11B ,18.74B ,19.36B ,18.59B ,16.50B ,2.53B ,2.446B ,2.187B ,9.845B ,1.407B ,1.23B ,1.216B ,1.139B ,6.002B ,4.182B ,3.691B ,853.00M ,4.637B ,4.323B ,4.305B ,1.767B ,0.0021M ,675.00M ,780.00M ,619.00M ,673.00M ,535.00M ,504.00M ,381.00M ,423.00M ,460.00M ,741.00M 
Other Long Term Liabilities,11.39B ,8.293B ,8.911B ,8.407B ,11.24B ,10.95B ,10.06B ,11.01B ,10.90B ,10.56B ,9.365B ,6.757B ,5.991B ,5.60B ,4.567B ,3.128B ,3.005B ,3.393B ,3.719B ,4.483B ,4.387B ,3.271B ,2.817B ,15.56B ,13.95B ,11.83B ,1.941B ,9.149B ,7.87B ,7.065B ,5.531B ,,1.298B ,1.37B ,3.502B ,954.00M ,852.00M ,816.00M ,746.00M ,2.869B ,2.109B ,1.92B ,897.00M ,578.00M ,430.00M ,392.00M ,369.00M ,338.00M ,313.00M ,
Total Long Term Liabilities,151.30B ,150.81B ,140.46B ,131.45B ,127.11B ,114.62B ,114.43B ,107.58B ,106.56B ,88.92B ,90.38B ,82.19B ,73.46B ,64.96B ,56.84B ,55.38B ,42.60B ,41.73B ,39.79B ,40.18B ,23.74B ,21.86B ,19.31B ,18.09B ,16.40B ,14.02B ,11.79B ,10.56B ,9.10B ,8.281B ,6.67B ,6.002B ,5.48B ,5.061B ,4.355B ,5.591B ,5.175B ,5.121B ,2.513B ,2.869B ,2.784B ,2.70B ,1.516B ,1.251B ,965.00M ,896.00M ,750.00M ,761.00M ,773.00M ,741.00M 
Total Liabilities,240.62B ,266.60B ,241.27B ,212.75B ,200.45B ,198.75B ,193.44B ,179.06B ,174.82B ,165.02B ,170.99B ,147.47B ,132.19B ,138.57B ,120.29B ,101.58B ,85.81B ,95.50B ,83.45B ,76.50B ,59.25B ,68.74B ,57.85B ,51.15B ,48.44B ,48.63B ,39.76B ,37.42B ,33.43B ,32.08B ,27.39B ,21.61B ,17.71B ,18.16B ,15.86B ,22.25B ,18.93B ,19.88B ,13.87B ,12.09B ,12.42B ,13.24B ,10.82B ,8.243B ,6.45B ,8.233B ,7.221B ,5.784B ,5.229B ,5.801B 
Total Capital Stock,38.04B ,36.45B ,35.87B ,34.44B ,33.58B ,32.14B ,31.25B ,30.11B ,29.48B ,28.25B ,27.42B ,26.33B ,25.38B ,24.19B ,23.31B ,22.14B ,21.50B ,0,19.76B ,0,0,0,0,0,0,0,0,0,0,0,0,0,0,0,0,0,0,0,0,0,0,0,5.368B ,0,0,0,4.355B ,4.249B ,4.014B ,3.815B 
Retained Earnings,91.90B ,104.59B ,98.33B ,98.52B ,100.92B ,100.00B ,96.36B ,96.54B ,102.02B ,101.49B ,92.28B ,98.25B ,100.92B ,97.18B ,87.15B ,98.72B ,98.93B ,109.43B ,104.26B ,104.56B ,116.57B ,109.57B ,101.29B ,95.64B ,87.12B ,75.71B ,62.84B ,56.24B ,49.02B ,43.05B ,37.17B ,32.87B ,29.67B ,26.70B ,23.35B ,17.88B ,16.65B ,15.45B ,15.13B ,12.71B ,11.64B ,10.68B ,9.101B ,8.199B ,7.381B ,6.611B ,5.607B ,5.065B ,4.673B ,4.57B 
Additional Paid In Capital,,,,,,,,,,,,,,,,,,20.56B ,,19.02B ,17.95B ,17.17B ,16.42B ,15.57B ,14.85B ,13.96B ,13.33B ,12.72B ,12.33B ,11.50B ,10.67B ,10.13B ,9.553B ,8.962B ,8.21B ,7.957B ,7.643B ,7.392B ,7.177B ,6.831B ,6.342B ,6.046B ,,5.149B ,4.848B ,4.594B ,,,,
Accrued Comprehensive Inc,-3.064B ,-841.00M ,-150.00M ,-545.00M ,-422.00M ,245.00M ,634.00M ,-107.00M ,-1.048B ,-1.48B ,-345.00M ,1.098B ,2.71B ,1.963B ,1.082B ,86.00M ,-251.00M ,-306.00M ,-471.00M ,-234.00M ,964.00M ,612.00M ,499.00M ,532.00M ,524.00M ,384.00M ,443.00M ,389.00M ,126.00M ,114.00M ,-46.00M ,108.00M ,125.00M ,111.00M ,77.00M ,53.00M ,15.00M ,69.00M ,-9.000M ,77.00M ,69.00M ,74.00M ,63.00M ,56.00M ,32.00M ,23.00M ,22.00M ,16.00M ,-5.000M ,-5.000M 
Shareholders Equity,126.88B ,140.20B ,134.05B ,132.42B ,134.08B ,132.39B ,128.25B ,126.54B ,130.46B ,128.27B ,119.36B ,125.68B ,129.01B ,123.33B ,111.55B ,120.94B ,120.18B ,129.68B ,123.55B ,123.35B ,135.49B ,127.35B ,118.21B ,111.75B ,102.50B ,90.05B ,76.62B ,69.34B ,61.48B ,54.67B ,47.79B ,43.11B ,39.35B ,35.77B ,31.64B ,25.89B ,24.31B ,22.91B ,22.30B ,19.62B ,18.05B ,16.80B ,14.53B ,13.40B ,12.26B ,11.23B ,9.984B ,9.33B ,8.682B ,8.38B
Net Income,13.82B ,20.06B ,10.71B ,8.717B ,11.03B ,17.89B ,9.014B ,7.796B ,10.52B ,18.36B ,11.12B ,10.68B ,13.57B ,18.02B ,8.467B ,7.748B ,10.22B ,13.07B ,7.512B ,6.90B ,9.547B ,13.08B ,8.223B ,8.824B ,11.62B ,13.06B ,6.623B ,19.30B ,-6.004B ,6.004B ,4.308B ,3.253B ,3.074B ,3.378B ,2.532B ,1.828B ,1.62B ,2.255B ,2.421B ,1.072B ,1.045B ,1.581B ,904.00M ,818.00M ,770.00M ,1.004B ,542.00M ,472.00M ,410.00M ,565.00M 
Total Depreciation and Amortization,2.739B ,2.745B ,2.484B ,2.354B ,2.332B ,2.987B ,2.548B ,2.526B ,2.477B ,2.954B ,3.119B ,3.084B ,2.479B ,2.575B ,1.969B ,1.946B ,1.887B ,2.144B ,1.783B ,1.694B ,1.692B ,1.588B ,981.00M ,835.00M ,740.00M ,721.00M ,543.00M ,1.271B ,,,329.00M ,698.00M ,-209.00M ,209.00M ,,,,,,,,,-224.00M ,81.00M ,69.00M ,74.00M ,66.00M ,57.00M ,50.00M ,52.00M 
"Total Depreciation, Amortization, Depletion",2.739B ,2.745B ,2.484B ,2.354B ,2.332B ,2.987B ,2.548B ,2.526B ,2.477B ,2.954B ,3.119B ,3.084B ,2.479B ,2.575B ,1.969B ,1.946B ,1.887B ,2.144B ,1.783B ,1.694B ,1.692B ,1.588B ,981.00M ,835.00M ,740.00M ,721.00M ,543.00M ,481.00M ,434.00M ,356.00M ,329.00M ,273.00M ,216.00M ,209.00M ,203.00M ,182.00M ,181.00M ,168.00M ,157.00M ,117.00M ,116.00M ,106.00M ,93.00M ,81.00M ,69.00M ,74.00M ,66.00M ,57.00M ,50.00M ,52.00M 
Deferred Taxes,-498.00M ,-33.74B ,1.202B ,1.942B ,1.37B ,1.452B ,-253.00M ,2.099B ,1.50B ,1.592B ,-1.438B ,941.00M ,-318.00M ,2.197B ,-807.00M ,1.095B ,806.00M ,1.253B ,-1.383B ,567.00M ,778.00M ,1.179B ,339.00M ,1.151B ,1.459B ,1.456B ,636.00M ,669.00M ,740.00M ,823.00M ,142.00M ,405.00M ,468.00M ,425.00M ,268.00M ,202.00M ,294.00M ,276.00M ,357.00M ,35.00M ,-16.00M ,22.00M ,-128.00M ,84.00M ,49.00M ,73.00M ,-148.00M ,118.00M ,13.00M ,70.00M 
Stock Based Compensation,1.348B ,1.296B ,1.174B ,1.193B ,1.217B ,1.256B ,1.03B ,1.054B ,1.048B ,1.078B ,915.00M ,856.00M ,927.00M ,888.00M ,762.00M ,724.00M ,696.00M ,681.00M ,555.00M ,578.00M ,575.00M ,545.00M ,448.00M ,448.00M ,424.00M ,420.00M ,298.00M ,284.00M ,287.00M ,299.00M ,224.00M ,219.00M ,231.00M ,205.00M ,180.00M ,179.00M ,181.00M ,170.00M ,141.00M ,133.00M ,132.00M ,110.00M ,,,,,,,,
Other Noncash Items,-140.00M ,-11.00M ,-24.00M ,67.00M ,65.00M ,-274.00M ,67.00M ,111.00M ,198.00M ,110.00M ,-2.286B ,856.00M ,927.00M ,888.00M ,762.00M ,724.00M ,696.00M ,681.00M ,555.00M ,578.00M ,575.00M ,545.00M ,448.00M ,448.00M ,424.00M ,420.00M ,298.00M ,-11.12B ,11.69B ,299.00M ,224.00M ,219.00M ,231.00M ,205.00M ,180.00M ,179.00M ,181.00M ,170.00M ,141.00M ,133.00M ,132.00M ,110.00M ,68.00M ,65.00M ,63.00M ,46.00M ,40.00M ,123.00M ,,
Change in Receivables,28.47B ,-15.23B ,-13.04B ,-2.002B ,7.373B ,1.322B ,-10.31B ,352.00M ,4.715B ,5.722B ,-10.63B ,-1.743B ,11.81B ,-2.757B ,-10.25B ,-1.02B ,9.377B ,-4.557B ,-7.188B ,-117.00M ,8.198B ,-2.842B ,-4.394B ,-529.00M ,2.725B ,-4.767B ,-244.00M ,-376.00M ,-221.00M ,-950.00M ,-3.525B ,-1.77B ,259.00M ,176.00M ,-877.00M ,34.00M ,264.00M ,226.00M ,-709.00M ,-10.00M ,346.00M ,-302.00M ,-227.00M ,-482.00M ,693.00M ,-369.00M ,-163.00M ,-228.00M ,470.00M ,-436.00M 
Change in Inventories,-3.241B ,434.00M ,-1.709B ,-236.00M ,-198.00M ,-580.00M ,-301.00M ,450.00M ,170.00M ,-102.00M ,-307.00M ,354.00M ,-113.00M ,-172.00M ,-246.00M ,235.00M ,293.00M ,-358.00M ,-67.00M ,-452.00M ,210.00M ,-664.00M ,331.00M ,-20.00M ,134.00M ,-460.00M ,113.00M ,41.00M ,-45.00M ,166.00M ,-109.00M ,-304.00M ,-62.00M ,-121.00M ,-75.00M ,-68.00M ,84.00M ,113.00M ,36.00M ,-181.00M ,95.00M ,-113.00M ,-95.00M ,-43.00M ,95.00M ,-33.00M ,-57.00M ,-9.000M ,40.00M ,-79.00M 
Change in Payables and Accrued Expense,-27.81B ,14.59B ,14.83B ,1.65B ,-9.322B ,2.46B ,11.40B ,-179.00M ,-8.536B ,-852.00M ,8.264B ,2.165B ,-14.43B ,9.003B ,8.469B ,-156.00M ,-10.57B ,8.191B ,7.08B ,-318.00M ,-10.57B ,6.145B ,2.017B ,-359.00M ,-1.505B ,4.314B ,35.00M ,854.00M ,-720.00M ,2.346B ,3.495B ,2.83B ,-974.00M ,956.00M ,740.00M ,879.00M ,-760.00M ,-767.00M ,1.822B ,-486.00M ,-1.224B ,484.00M ,1.224B ,1.257B ,-1.482B ,495.00M ,877.00M ,405.00M ,-788.00M ,1.117B 
Change in Other Working Cap,440.00M ,38.14B ,25.00M ,-5.547B ,-1.296B ,720.00M ,2.93B ,-3.575B ,-487.00M ,-1.40B ,2.043B ,-1.346B ,5.156B ,3.964B ,4.888B ,-317.00M ,822.00M ,2.244B ,1.616B ,-1.024B ,2.071B ,4.397B ,1.191B ,-161.00M ,-1.622B ,2.806B ,2.425B ,1.847B ,-243.00M ,729.00M ,819.00M ,-105.00M ,-882.00M ,553.00M ,30.00M ,324.00M ,-1.089B ,193.00M ,2.17B ,54.00M ,60.00M ,387.00M ,1.029B ,398.00M ,-77.00M ,482.00M ,634.00M ,145.00M ,-523.00M ,
Changes in Working Capital,-2.141B ,37.94B ,106.00M ,-6.135B ,-3.443B ,3.922B ,3.72B ,-2.952B ,-4.138B ,3.368B ,-630.00M ,-570.00M ,2.424B ,10.04B ,2.859B ,-1.258B ,-74.00M ,5.52B ,1.441B ,-1.911B ,-88.00M ,7.036B ,-855.00M ,-1.069B ,-268.00M ,1.893B ,2.329B ,2.366B ,-1.229B ,2.291B ,680.00M ,651.00M ,-1.659B ,1.564B ,-81.00M ,-131.00M ,-1.436B ,1.062B ,1.212B ,-41.00M ,-80.00M ,954.00M ,754.00M ,178.00M ,-218.00M ,611.00M ,545.00M ,325.00M ,-643.00M ,-448.00M 
Cash from Operations,15.13B ,28.29B ,15.66B ,8.138B ,12.57B ,27.23B ,16.13B ,10.63B ,11.60B ,27.46B ,13.48B ,14.99B ,19.08B ,33.72B ,13.25B ,10.26B ,13.54B ,22.67B ,9.908B ,7.828B ,12.50B ,23.43B ,9.136B ,10.19B ,13.98B ,17.55B ,10.43B ,11.11B ,6.219B ,9.773B ,5.683B ,4.801B ,2.33B ,5.781B ,3.11B ,2.27B ,841.00M ,3.938B ,4.295B ,1.321B ,1.193B ,2.787B ,1.696B ,1.227B ,734.00M ,1.813B ,1.055B ,1.007B ,-125.00M ,283.00M 
Net Change in Capital Expenditures,-4.041B ,-2.964B ,-4.000B ,-2.486B ,-2.889B ,-3.42B ,-4.038B ,-2.905B ,-2.599B ,-4.006B ,-3.658B ,-2.089B ,-2.476B ,-3.265B ,-3.852B ,-2.431B ,-1.486B ,-2.044B ,-2.306B ,-2.016B ,-2.299B ,-2.455B ,-3.501B ,-2.963B ,-1.509B ,-1.429B ,-4.571B ,-962.00M ,-656.00M ,-1.263B ,-813.00M ,-626.00M ,-301.00M ,-381.00M ,-472.00M ,-272.00M ,-116.00M ,-353.00M ,-422.00M ,-330.00M ,-215.00M ,-232.00M ,-234.00M ,-289.00M ,-206.00M ,-257.00M ,-145.00M ,-237.00M ,-193.00M ,-82.00M 
Net Change in PP&E,-4.195B ,-2.81B ,-3.865B ,-2.277B ,-2.975B ,-3.334B ,-3.977B ,-2.809B ,-2.336B ,-3.612B ,-3.618B ,-2.043B ,-2.369B ,-3.217B ,-3.826B ,-2.378B ,-1.382B ,-1.985B ,-1.955B ,-1.885B ,-2.008B ,-2.317B ,-3.461B ,-2.056B ,-1.457B ,-1.321B ,-1.645B ,-777.00M ,-624.00M ,-1.214B ,-760.00M ,-595.00M ,-274.00M ,-376.00M ,-459.00M ,-246.00M ,-100.00M ,-339.00M ,-403.00M ,-304.00M ,-160.00M ,-224.00M ,17.00M ,-289.00M ,-206.00M ,-257.00M ,-145.00M ,-237.00M ,-193.00M ,-82.00M 
Net Change in Intangibles,154.00M ,-154.00M ,-135.00M ,-209.00M ,86.00M ,-86.00M ,-61.00M ,-96.00M ,-263.00M ,-394.00M ,-40.00M ,-46.00M ,-107.00M ,-48.00M ,-26.00M ,-53.00M ,-104.00M ,-59.00M ,-351.00M ,-131.00M ,-291.00M ,-138.00M ,-40.00M ,-907.00M ,-52.00M ,-108.00M ,-2.926B ,-185.00M ,-32.00M ,-49.00M ,-53.00M ,-31.00M ,-27.00M ,-5.000M ,-13.00M ,-26.00M ,-16.00M ,-14.00M ,-19.00M ,-26.00M ,-55.00M ,-8.000M ,,,,,,,,
Net Divestitures (Acquisitions),-132.00M ,-173.00M ,-81.00M ,-181.00M ,-50.00M ,-17.00M ,-151.00M ,-6.000M ,-54.00M ,-86.00M ,-113.00M ,-115.00M ,-92.00M ,-23.00M ,-2.867B ,-339.00M ,-34.00M ,-525.00M ,-53.00M ,-144.00M ,-15.00M ,-284.00M ,0,0,-350.00M ,0,-244.00M ,0,0,,-23.00M ,-290.00M ,-325.00M ,,0,0,0,,,,,,,,,,,,,
Total Net Change in Investments,32.80B ,-10.42B ,-5.46B ,-749.00M ,-11.36B ,-15.58B ,-3.407B ,-184.00M ,-10.98B ,-16.06B ,2.556B ,-9.245B ,-19.79B ,-17.94B ,9.707B ,-19.47B ,13.29B ,-12.54B ,2.942B ,-4.252B ,-12.00B ,-10.73B ,-820.00M ,-9.339B ,-12.60B ,-15.66B ,-8.028B ,-14.09B ,-901.00M ,-9.443B ,-3.563B ,-4.468B ,463.00M ,-3.507B ,-29.01B ,24.66B ,-3.574B ,-8.226B ,-1.321B ,-1.041B ,-1.149B ,-3.249B ,615.00M ,-1.17B ,-765.00M ,-992.00M ,-2.565B ,706.00M ,2.68B ,211.00M 
Net Other Investing Changes,83.00M ,-30.00M ,-401.00M ,236.00M ,94.00M ,-104.00M ,199.00M ,-1.375B ,-24.00M ,-298.00M ,-160.00M ,46.00M ,23.00M ,65.00M ,9.000M ,30.00M ,-28.00M ,5.000M ,28.00M ,-95.00M ,-41.00M ,-52.00M ,8.000M ,-8.000M ,-14.00M ,-34.00M ,-293.00M ,22.00M ,35.00M ,-23.00M ,16.00M ,-46.00M ,80.00M ,-70.00M ,-1.618B ,1.599B ,5.000M ,-60.00M ,-30.00M ,-1.000M ,2.000M ,19.00M ,15.00M ,26.00M ,-7.000M ,15.00M ,-19.00M ,62.00M ,-25.00M ,-36.00M 
Cash from Investing,28.71B ,-13.59B ,-9.942B ,-3.18B ,-14.20B ,-19.12B ,-7.397B ,-4.47B ,-13.66B ,-20.45B ,-1.375B ,-11.40B ,-22.33B ,-21.16B ,2.997B ,-22.21B ,11.74B ,-15.10B ,611.00M ,-6.507B ,-14.36B ,-13.52B ,-4.313B ,-12.31B ,-14.48B ,-17.13B ,-13.14B ,-15.03B ,-1.522B ,-10.73B ,-4.383B ,-5.43B ,-83.00M ,-3.958B ,-31.10B ,25.99B ,-3.685B ,-8.639B ,-1.993B ,-1.372B ,-1.362B ,-3.462B ,396.00M ,-1.433B ,-978.00M ,-1.234B ,-2.729B ,531.00M ,2.462B ,93.00M 
Net Change in Long Term Debt,-500.00M ,6.969B ,6.937B ,7.25B ,10.98B ,0,6.97B ,-100.00M ,15.58B ,,5.802B ,9.98B ,7.847B ,3.485B ,0,11.96B ,0,0,0,16.90B ,,,0,0,,,,,,,,,,,,,,,,,,,,,,,,,,
Net Change in Short Term Debt,-1.000M ,2.000M ,-14.00M ,1.987B ,-506.00M ,2.385B ,-4.389B ,4.495B ,737.00M ,-1.24B ,3.999B ,700.00M ,-99.00M ,-2.409B ,4.296B ,2.01B ,0,0,0,0,,,,,,,,,,,,,,,,,,,,,,,,,,,,,,
Net Debt Issuance,-501.00M ,6.971B ,6.923B ,9.237B ,10.47B ,2.385B ,2.581B ,4.395B ,16.32B ,-1.24B ,9.801B ,10.68B ,7.748B ,1.076B ,4.296B ,13.97B ,0,0,0,16.90B ,,,0,0,,,,,,,,,,,,,,,,,,,,,,,,,,
Common Stock Issuance,327.00M ,,281.00M ,1.000M ,273.00M ,,248.00M ,0,246.00M ,1.000M ,219.00M ,15.00M ,229.00M ,80.00M ,295.00M ,94.00M ,207.00M ,134.00M ,195.00M ,60.00M ,199.00M ,76.00M ,232.00M ,56.00M ,286.00M ,91.00M ,254.00M ,83.00M ,286.00M ,208.00M ,179.00M ,199.00M ,160.00M ,374.00M ,187.00M ,166.00M ,45.00M ,77.00M ,72.00M ,178.00M ,54.00M ,179.00M ,71.00M ,118.00M ,75.00M ,101.00M ,32.00M ,74.00M ,78.00M ,134.00M 
Common Stock Payments,-22.76B ,-10.10B ,-7.795B ,-7.093B ,-7.161B ,-10.85B ,-6.026B ,-10.17B ,-6.667B ,-6.863B ,-13.25B ,-10.00B ,-6.97B ,-5.03B ,-17.00B ,-5.000B ,-17.97B ,-5.029B ,-4.91B ,-16.00B ,0,-1.95B ,0,0,0,0,,,,,,,,,,,,,,,,,,,,,-1.000M ,-1.000M ,-353.00M ,
Net Common Equity Issued (Purchased),-22.43B ,-10.10B ,-7.514B ,-7.092B ,-6.888B ,-10.85B ,-5.778B ,-10.17B ,-6.421B ,-6.862B ,-13.03B ,-9.985B ,-6.741B ,-4.95B ,-16.70B ,-4.906B ,-17.76B ,-4.895B ,-4.715B ,-15.94B ,199.00M ,-1.874B ,232.00M ,56.00M ,286.00M ,91.00M ,254.00M ,83.00M ,286.00M ,208.00M ,179.00M ,199.00M ,160.00M ,374.00M ,187.00M ,166.00M ,45.00M ,77.00M ,72.00M ,178.00M ,54.00M ,179.00M ,71.00M ,118.00M ,75.00M ,101.00M ,31.00M ,73.00M ,-275.00M ,134.00M 
Total Common Dividends Paid,-3.19B ,-3.339B ,-3.27B ,-3.365B ,-3.004B ,-3.13B ,-3.092B ,-3.187B ,-2.902B ,-2.969B ,-2.964B ,-3.053B ,-2.743B ,-2.801B ,-2.829B ,-2.867B ,-2.661B ,-2.769B ,-2.769B ,-2.811B ,-2.491B ,-2.493B ,-2.488B ,0,0,0,,,,,,,,,,,,,,,,,,,,,,,,
Total Dividends Paid,-3.19B ,-3.339B ,-3.27B ,-3.365B ,-3.004B ,-3.13B ,-3.092B ,-3.187B ,-2.902B ,-2.969B ,-2.964B ,-3.053B ,-2.743B ,-2.801B ,-2.829B ,-2.867B ,-2.661B ,-2.769B ,-2.769B ,-2.811B ,-2.491B ,-2.493B ,-2.488B ,0,0,0,,,,,,,,,,,,,,,,,,,,,,,,
Cash from Other Financing Activities,-152.00M ,-1.038B ,-135.00M ,-324.00M ,-159.00M ,-629.00M ,-193.00M ,-483.00M ,-114.00M ,-373.00M ,-102.00M ,-397.00M ,-3.000M ,-248.00M ,-142.00M ,-210.00M ,18.00M ,-85.00M ,-24.00M ,-271.00M ,44.00M ,-130.00M ,234.00M ,-111.00M ,24.00M ,-22.00M ,177.00M ,-46.00M ,261.00M ,221.00M ,77.00M ,117.00M ,2.000M ,149.00M ,132.00M ,42.00M ,29.00M ,-15.00M ,128.00M ,176.00M ,23.00M ,306.00M ,71.00M ,111.00M ,105.00M ,87.00M ,22.00M ,56.00M ,134.00M ,149.00M 
Cash from Financing,-26.27B ,-7.501B ,-3.996B ,-1.544B ,418.00M ,-12.22B ,-6.482B ,-9.441B ,6.884B ,-11.44B ,-6.299B ,-2.755B ,-1.739B ,-6.923B ,-15.38B ,5.987B ,-20.41B ,-7.749B ,-7.508B ,-2.126B ,-2.248B ,-4.497B ,-2.022B ,-55.00M ,310.00M ,69.00M ,431.00M ,37.00M ,547.00M ,429.00M ,256.00M ,316.00M ,162.00M ,523.00M ,319.00M ,208.00M ,74.00M ,62.00M ,200.00M ,354.00M ,77.00M ,485.00M ,142.00M ,229.00M ,180.00M ,188.00M ,53.00M ,129.00M ,-141.00M ,283.00M 
Beginning Cash,27.49B ,20.29B ,18.57B ,15.16B ,16.37B ,20.48B ,18.24B ,21.51B ,16.69B ,21.12B ,15.32B ,14.49B ,19.48B ,13.84B ,12.98B ,18.95B ,14.08B ,14.26B ,11.25B ,12.05B ,16.15B ,10.75B ,7.945B ,10.12B ,10.31B ,9.815B ,12.09B ,15.98B ,10.73B ,11.26B ,9.705B ,10.02B ,7.609B ,5.263B ,5.605B ,4.466B ,7.236B ,11.88B ,9.373B ,9.07B ,9.162B ,9.352B ,7.118B ,7.095B ,7.159B ,6.392B ,8.013B ,6.346B ,4.15B ,3.491B 
Change in Cash,17.57B ,7.202B ,1.718B ,3.414B ,-1.214B ,-4.113B ,2.247B ,-3.277B ,4.825B ,-4.431B ,5.801B ,830.00M ,-4.989B ,5.634B ,867.00M ,-5.972B ,4.872B ,-182.00M ,3.011B ,-805.00M ,-4.101B ,5.408B ,2.801B ,-2.176B ,-189.00M ,495.00M ,-2.276B ,-3.887B ,5.244B ,-527.00M ,1.556B ,-313.00M ,2.409B ,2.346B ,-27.67B ,28.46B ,-2.77B ,-4.639B ,2.502B ,303.00M ,-92.00M ,-190.00M ,2.234B ,23.00M ,-64.00M ,767.00M ,-1.621B ,1.667B ,2.196B ,659.00M 
Ending Cash,45.06B ,27.49B ,20.29B ,18.57B ,15.16B ,16.37B ,20.48B ,18.24B ,21.51B ,16.69B ,21.12B ,15.32B ,14.49B ,19.48B ,13.84B ,12.98B ,18.95B ,14.08B ,14.26B ,11.25B ,12.05B ,16.15B ,10.75B ,7.945B ,10.12B ,10.31B ,9.815B ,12.09B ,15.98B ,10.73B ,11.26B ,9.705B ,10.02B ,7.609B ,5.263B ,5.605B ,4.466B ,7.236B ,11.88B ,9.373B ,9.07B ,9.162B ,9.352B ,7.118B ,7.095B ,7.159B ,6.392B ,8.013B ,6.346B ,4.15B 
Issuance of Capital Stock,327.00M ,,281.00M ,1.000M ,273.00M ,,248.00M ,0,246.00M ,1.000M ,219.00M ,15.00M ,229.00M ,80.00M ,295.00M ,94.00M ,207.00M ,134.00M ,195.00M ,60.00M ,199.00M ,76.00M ,232.00M ,56.00M ,286.00M ,91.00M ,254.00M ,83.00M ,286.00M ,208.00M ,179.00M ,199.00M ,160.00M ,374.00M ,187.00M ,166.00M ,45.00M ,77.00M ,72.00M ,178.00M ,54.00M ,179.00M ,71.00M ,118.00M ,75.00M ,101.00M ,32.00M ,74.00M ,78.00M ,134.00M 
Issuance of Debt,0,6.969B ,6.937B ,10.75B ,10.98B ,0,6.97B ,2.40B ,15.58B ,,5.802B ,9.98B ,7.847B ,3.485B ,0,11.96B ,0,0,0,16.90B ,,,0,0,,,,,,,,,,,,,,,,,,,,,,,,,,
Debt Repayment,-500.00M ,,0,-3.50B ,,,0,-2.50B ,,,0,0,,,,,,,,,,,,,,,,,,,,,,,,,,,,,,,,,,,,,,
Repurchase of Capital Stock,-22.76B ,-10.10B ,-7.795B ,-7.093B ,-7.161B ,-10.85B ,-6.026B ,-10.17B ,-6.667B ,-6.863B ,-13.25B ,-10.00B ,-6.97B ,-5.03B ,-17.00B ,-5.000B ,-17.97B ,-5.029B ,-4.91B ,-16.00B ,0,-1.95B ,0,0,0,0,,,,,,,,,,,,,,,,,,,,,-1.000M ,-1.000M ,-353.00M ,
Income Tax Paid Supplemental Data,-9.891B ,3.551B ,1.839B ,16.63B ,-10.39B ,3.51B ,1.454B ,2.36B ,3.232B ,3.398B ,2.648B ,3.546B ,3.189B ,3.869B ,2.013B ,2.644B ,1.982B ,3.387B ,1.94B ,2.93B ,2.368B ,1.89B ,1.781B ,1.066B ,3.361B ,1.474B ,775.00M ,650.00M ,1.087B ,826.00M,40.00M ,513.00M ,1.164B ,980.00M ,507.00M ,662.00M ,1.278B ,550.00M ,245.00M ,269.00M ,502.00M ,251.00M ,,,,,,,,
Interest Paid Supplemental Data,-1.979B ,623.00M ,636.00M ,2.463B ,-1.504B ,497.00M ,424.00M ,327.00M ,169.00M ,396.00M ,87.00M ,207.00M ,18.00M ,202.00M ,17.00M ,161.00M ,0,161.00M ,0,0,,,,,,,,,,,,,,,,,,,,,,,,,,,,,,
Open,85.2,88.6,92,92.5,85.3,92.9,74.75,71.68,68.91,94.06,110.28,82.84,83.62,73.72,67.87,67.03,64.98,71.89,64.73,73.98,80.82,101.36,92.3,102.46,81.8,83.16,97.18,90.33,94.76,79.92,86.7,82.77,87.72,64.73,57.09,56.47,47.91,64.23,79.83,101.55,148.94,212.69,195.74,184.21,192.79,161.4,161.4,,,
High,88.7,96.6,102,96.5,97.8,96.9,92.5,75.35,73.17,97.33,119.11,111.75,85.48,90.87,75.48,72.17,68.34,72.36,73.01,74.33,82.07,102.7,109.37,102.89,122.37,96.11,120.17,124.2,101.21,99.2,100.01,97.27,101.87,88.43,65.79,67.33,59.26,66.4,99.86,135.96,151.48,223.41,218.89,201.87,216.1,193.04,161.64,,,
Low,76,81.1,85.9,83,83.8,80.7,72.28,61.98,56.63,65.64,81.07,82.44,76.17,70.68,65.82,63.95,60.31,59.75,63.31,62.24,70.78,78.33,84.51,77.06,80.45,71.73,74.01,89.52,82.67,74.6,73.79,75.34,79.23,62.54,56.03,52.31,41.45,33.82,61.81,78.98,88.01,125.24,156.27,134.59,128.4,134.59,158.45,,,
Close,80,85.2,87.5,91.8,92.5,85.3,92.2,74.65,71.49,68.91,93.27,109.79,82.34,83.62,73.72,67.59,67.03,64.98,71.7,64.73,73.98,80.82,101.36,91.03,103.31,81.8,83.83,95.97,90.33,94.36,79.84,86.7,82.42,87.72,64.52,56.72,55.79,47.91,62.99,79.26,101.55,148.94,213.25,168.5,184.21,191.57,159.43,,,
Volume,3442512,5904537,8277124,6220318,3456955,4171424,4821702,4560395,6632919,8247570,8279856,9602155,4615482,8691557,4588165,3931296,3358634,3080418,3958601,4692968,7024230,10991606,14904582,13061949,15066497,9590251,15216981,13319691,7044830,7058410,5412197,8228440,9513806,10943774,8932783,17698455,20055426,675122647,12663892,17733464,12718462,9440898,8761810,8509744,10060174,8184167,ï¿½,,,
